@article{Chavas2015,
author = {Chavas, Jean-Paul and Shi, Guanming},
file = {:C$\backslash$:/Users/Ariel/AppData/Local/Mendeley Ltd./Mendeley Desktop/Downloaded/Chavas, Shi - 2015 - An Economic Analysis of Risk, Management, and Agricultural Technology.pdf:pdf},
journal = {Journal of Agricultural and Resource Economics},
keywords = {Agribusiness,Research and Development/Tech Change/Emerging Tech,Risk and Uncertainty,certainty equivalente,premium risk},
mendeley-groups = {Risk Analysis},
mendeley-tags = {certainty equivalente,premium risk},
number = {1},
pages = {63--79},
publisher = {Western Agricultural Economics Association},
title = {{An Economic Analysis of Risk, Management, and Agricultural Technology}},
volume = {40},
year = {2015}
}


@article{Hardaker2004,
author = {Hardaker, J. Brian and Richardson, James W. and Lien, Gudbrand and Schumann, Keith D.},
doi = {10.1111/j.1467-8489.2004.00239.x},
issn = {1364-985X},
journal = {The Australian Journal of Agricultural and Resource Economics},
keywords = {SERF,certainty equivalente,premium risk},
mendeley-groups = {Risk Analysis},
mendeley-tags = {SERF,certainty equivalente,premium risk},
month = {6},
number = {2},
pages = {253--270},
publisher = {John Wiley {\&} Sons, Ltd (10.1111)},
title = {{Stochastic efficiency analysis with risk aversion bounds: a simplified approach}},
volume = {48},
year = {2004}
}

@article{roszkowski1990effects,
  title={Effects of “framing” on measures of risk tolerance: Financial planners are not immune},
  author={Roszkowski, Michael J and Snelbecker, Glenn E},
  journal={Journal of Behavioral Economics},
  volume={19},
  number={3},
  pages={237--246},
  year={1990},
  publisher={Elsevier}
}


@article{reynolds2009risky,
  title={Risky shift versus cautious shift: determining differences in risk taking between private and public management decision-making},
  author={Reynolds, Douglas B and Joseph, Jacob and Sherwood, Reuben},
  journal={Journal of business \& economics research (JBER)},
  volume={7},
  number={1},
  year={2009}
}
@article{loewenstein2001risk,
  title={Risk as feelings.},
  author={Loewenstein, George F and Weber, Elke U and Hsee, Christopher K and Welch, Ned},
  journal={Psychological bulletin},
  volume={127},
  number={2},
  pages={267},
  year={2001},
  publisher={American Psychological Association}
}
@article{beisswanger2003risk,
  title={Risk taking in relationships: Differences in deciding for oneself versus for a friend},
  author={Beisswanger, Amy H and Stone, Eric R and Hupp, Julie M and Allgaier, Liz},
  journal={Basic and Applied Social Psychology},
  volume={25},
  number={2},
  pages={121--135},
  year={2003},
  publisher={Taylor \& Francis}
}
@article{wray2005role,
  title={The role of self-esteem and anxiety in decision making for self versus others in relationships},
  author={Wray, Laura D and Stone, Eric R},
  journal={Journal of Behavioral Decision Making},
  volume={18},
  number={2},
  pages={125--144},
  year={2005},
  publisher={Wiley Online Library}
}
@article{hsee1997fundamental,
  title={A fundamental prediction error: Self--others discrepancies in risk preference.},
  author={Hsee, Christopher K and Weber, Elke U},
  journal={Journal of experimental psychology: general},
  volume={126},
  number={1},
  pages={45},
  year={1997},
  publisher={American Psychological Association}
}
@article{fernandez2007actor,
  title={Actor/observer asymmetry in risky decision making},
  author={Fernandez-Duque, Diego and Wifall, Timothy},
  journal={Judgment and Decision making},
  volume={2},
  number={1},
  pages={1},
  year={2007},
  publisher={Society for Judgment \& Decision Making}
}
@article{morrison2010re,
  title={Re-valuing the amygdala},
  author={Morrison, Sara E and Salzman, C Daniel},
  journal={Current opinion in neurobiology},
  volume={20},
  number={2},
  pages={221--230},
  year={2010},
  publisher={Elsevier}
}
@article{anderson1999impairment,
  title={Impairment of social and moral behavior related to early damage in human prefrontal cortex},
  author={Anderson, Steven W and Bechara, Antoine and Damasio, Hanna and Tranel, Daniel and Damasio, Antonio R},
  journal={Nature neuroscience},
  volume={2},
  number={11},
  pages={1032--1037},
  year={1999},
  publisher={Nature Publishing Group}
}
@article{hsu2005neural,
  title={Neural systems responding to degrees of uncertainty in human decision-making},
  author={Hsu, Ming and Bhatt, Meghana and Adolphs, Ralph and Tranel, Daniel and Camerer, Colin F},
  journal={Science},
  volume={310},
  number={5754},
  pages={1680--1683},
  year={2005},
  publisher={American Association for the Advancement of Science}
}
@article{de2006frames,
  title={Frames, biases, and rational decision-making in the human brain},
  author={De Martino, Benedetto and Kumaran, Dharshan and Seymour, Ben and Dolan, Raymond J},
  journal={Science},
  volume={313},
  number={5787},
  pages={684--687},
  year={2006},
  publisher={American Association for the Advancement of Science}
}
@article{de2010amygdala,
  title={Amygdala damage eliminates monetary loss aversion},
  author={De Martino, Benedetto and Camerer, Colin F and Adolphs, Ralph},
  journal={Proceedings of the National Academy of Sciences},
  volume={107},
  number={8},
  pages={3788--3792},
  year={2010},
  publisher={National Acad Sciences}
}
@article{smith2009neural,
  title={Neural substrates of reward magnitude, probability, and risk during a wheel of fortune decision-making task},
  author={Smith, Bruce W and Mitchell, Derek GV and Hardin, Michael G and Jazbec, Sandra and Fridberg, Daniel and Blair, R James R and Ernst, Monique},
  journal={Neuroimage},
  volume={44},
  number={2},
  pages={600--609},
  year={2009},
  publisher={Elsevier}
}

@article{etkin2011emotional,
  title={Emotional processing in anterior cingulate and medial prefrontal cortex},
  author={Etkin, Amit and Egner, Tobias and Kalisch, Raffael},
  journal={Trends in cognitive sciences},
  volume={15},
  number={2},
  pages={85--93},
  year={2011},
  publisher={Elsevier}
}
@article{wu2011neural,
  title={The neural correlates of subjective utility of monetary outcome and probability weight in economic and in motor decision under risk},
  author={Wu, Shih-Wei and Delgado, Mauricio R and Maloney, Laurence T},
  journal={Journal of Neuroscience},
  volume={31},
  number={24},
  pages={8822--8831},
  year={2011},
  publisher={Soc Neuroscience}
}
@article{boorman2009green,
  title={How green is the grass on the other side? Frontopolar cortex and the evidence in favor of alternative courses of action},
  author={Boorman, Erie D and Behrens, Timothy EJ and Woolrich, Mark W and Rushworth, Matthew FS},
  journal={Neuron},
  volume={62},
  number={5},
  pages={733--743},
  year={2009},
  publisher={Elsevier}
}
@article{hare2011transformation,
  title={Transformation of stimulus value signals into motor commands during simple choice},
  author={Hare, Todd A and Schultz, Wolfram and Camerer, Colin F and O'Doherty, John P and Rangel, Antonio},
  journal={Proceedings of the National Academy of Sciences},
  volume={108},
  number={44},
  pages={18120--18125},
  year={2011},
  publisher={National Acad Sciences}
}
@article{hunt2012mechanisms,
  title={Mechanisms underlying cortical activity during value-guided choice},
  author={Hunt, Laurence T and Kolling, Nils and Soltani, Alireza and Woolrich, Mark W and Rushworth, Matthew FS and Behrens, Timothy EJ},
  journal={Nature neuroscience},
  volume={15},
  number={3},
  pages={470},
  year={2012},
  publisher={Nature Publishing Group}
}
@article{knoch2006disruption,
  title={Disruption of right prefrontal cortex by low-frequency repetitive transcranial magnetic stimulation induces risk-taking behavior},
  author={Knoch, Daria and Gianotti, Lorena RR and Pascual-Leone, Alvaro and Treyer, Valerie and Regard, Marianne and Hohmann, Martin and Brugger, Peter},
  journal={Journal of Neuroscience},
  volume={26},
  number={24},
  pages={6469--6472},
  year={2006},
  publisher={Soc Neuroscience}
}
@article{jung2013dissociable,
  title={Dissociable neural processes underlying risky decisions for self versus other},
  author={Jung, Daehyun and Sul, Sunhae and Kim, Hackjin},
  journal={Frontiers in neuroscience},
  volume={7},
  pages={15},
  year={2013},
  publisher={Frontiers}
}
@article{friston1994functional,
  title={Functional and effective connectivity in neuroimaging: a synthesis},
  author={Friston, Karl J},
  journal={Human brain mapping},
  volume={2},
  number={1-2},
  pages={56--78},
  year={1994},
  publisher={Wiley Online Library}
}
@article{hesselmann2011link,
  title={The link between fMRI-BOLD activation and perceptual awareness is “stream-invariant” in the human visual system},
  author={Hesselmann, Guido and Malach, Rafael},
  journal={Cerebral Cortex},
  volume={21},
  number={12},
  pages={2829--2837},
  year={2011},
  publisher={Oxford University Press}
}
@article{talairach1988co,
  title={Co-planar stereotaxic atlas of the human brain. 1988},
  author={Talairach, J and Tournoux, P},
  journal={Theime, Stuttgart, Ger},
  volume={270},
  number={132},
  pages={90128--5},
  year={1988}
}
@article{lancaster2007bias,
  title={Bias between MNI and Talairach coordinates analyzed using the ICBM-152 brain template},
  author={Lancaster, Jack L and Tordesillas-Guti{\'e}rrez, Diana and Martinez, Michael and Salinas, Felipe and Evans, Alan and Zilles, Karl and Mazziotta, John C and Fox, Peter T},
  journal={Human brain mapping},
  volume={28},
  number={11},
  pages={1194--1205},
  year={2007},
  publisher={Wiley Online Library}
}
@article{ghods2009fundamental,
  title={Fundamental contribution by the basolateral amygdala to different forms of decision making},
  author={Ghods-Sharifi, Sarvin and Onge, Jennifer R St and Floresco, Stan B},
  journal={Journal of Neuroscience},
  volume={29},
  number={16},
  pages={5251--5259},
  year={2009},
  publisher={Soc Neuroscience}
}
@article{morrison2010re,
  title={Re-valuing the amygdala},
  author={Morrison, Sara E and Salzman, C Daniel},
  journal={Current opinion in neurobiology},
  volume={20},
  number={2},
  pages={221--230},
  year={2010},
  publisher={Elsevier}
}
@article{cohen2005functional,
  title={Functional connectivity with anterior cingulate and orbitofrontal cortices during decision-making},
  author={Cohen, MX and Heller, AS and Ranganath, C},
  journal={Cognitive Brain Research},
  volume={23},
  number={1},
  pages={61--70},
  year={2005},
  publisher={Elsevier}
}
@article{behrens2009computation,
  title={The computation of social behavior},
  author={Behrens, Timothy EJ and Hunt, Laurence T and Rushworth, Matthew FS},
  journal={science},
  volume={324},
  number={5931},
  pages={1160--1164},
  year={2009},
  publisher={American Association for the Advancement of Science}
}
@article{behrens2008associative,
  title={Associative learning of social value},
  author={Behrens, Timothy EJ and Hunt, Laurence T and Woolrich, Mark W and Rushworth, Matthew FS},
  journal={Nature},
  volume={456},
  number={7219},
  pages={245--249},
  year={2008},
  publisher={Nature Publishing Group}
}
@article{hampton2008neural,
  title={Neural correlates of mentalizing-related computations during strategic interactions in humans},
  author={Hampton, Alan N and Bossaerts, Peter and O'Doherty, John P},
  journal={Proceedings of the National Academy of Sciences},
  volume={105},
  number={18},
  pages={6741--6746},
  year={2008},
  publisher={National Acad Sciences}
}
@article{ernst2004choice,
  title={Choice selection and reward anticipation: an fMRI study},
  author={Ernst, Monique and Nelson, Eric E and McClure, Erin B and Monk, Christopher S and Munson, Suzanne and Eshel, Neir and Zarahn, Eric and Leibenluft, Ellen and Zametkin, Alan and Towbin, Kenneth and others},
  journal={Neuropsychologia},
  volume={42},
  number={12},
  pages={1585--1597},
  year={2004},
  publisher={Elsevier}
}